@misc{kaggle,
author = {{Omkar Gurav}},
title = {{Face Mask Detection Dataset from kaggle.com}},
year  = {2021},
url= https://www.kaggle.com/datasets/omkargurav/face-mask-dataset
}